
@inproceedings{icdarComp2015,
    title="ICDAR 2015 Competition HTRtS: Handwritten Text Recognition on the tranScriptorium Dataset",
    author="Joan Andreu S\'{a}nchez and Alejandro H. Toselli and Ver\'{o}nica Romero and Enrique Vidal",
    booktitle="Proceedings of ICDAR",
    url="icdar.org/proceedings",
    year="2015"
}

@phdthesis{ sayres,
	title="Offline Cursive Handwriting: From Word To Text Recognition",
	author="Alessandro Vinciarelli",
	url="infoscience.epfl.ch/record/82879",
	school="IDIAP",
	year= "2003"
}

@article{Marti2001,
  author  = "U.V. Marti and Horst Bunke", 
  title   = "Using a statistical language model to improve the performance of an HMM-based cursive handwriting recognition system",
  journal = "International journal of Pattern Recognition and Artificial intelligence",
  year    = 2001,
  number  = 1,
  pages   = {65-90},
  volume  = 14
}

@article{Graves2009hmm,
  author  = "Graves, A. and Liwicki, M. and Fernandez, S. and Bertolami, R. and Bunke, H. and Schmidhuber, J.", 
  title   = "A Novel Connectionist System for Unconstrained Handwriting Recognition",
  journal = "IEEE Transactions on Pattern Analysis and Machine Intelligence",
  year    = 2009,
  number  = 5,
  pages   = {855-868},
  volume  = 31
}

@incollection{Graves2009,
title = {Offline Handwriting Recognition with Multidimensional Recurrent Neural Networks},
author = {Graves, Alex and Schmidhuber, J\"{u}rgen},
booktitle = {Advances in Neural Information Processing Systems 21},
editor = {D. Koller and D. Schuurmans and Y. Bengio and L. Bottou},
pages = {545-552},
year = {2009},
publisher = {Curran Associates, Inc.},
url = {http://papers.nips.cc/paper/3449-offline-handwriting-recognition-with-multidimensional-recurrent-neural-networks.pdf}
}

@inproceedings{ Toselli2007,
    title="Computer Assisted Transcription of Handwritten Text Images",
    author="Toselli, A.H. and Romero, V. and Rodriguez, L. and Vidal, E.",
    booktitle="Proceedings of ICDAR",
    publisher={IEEE},
    year="2007",
    pages={944-948},
}

@incollection{ Toselli2008,
    year={2008},
    isbn={978-3-540-85852-2},
    booktitle={Machine Learning for Multimodal Interaction},
    volume={5237},
    series={Lecture Notes in Computer Science},
    editor={Popescu-Belis, Andrei and Stiefelhagen, Rainer},
    doi={10.1007/978-3-540-85853-9_27},
    title={Computer Assisted Transcription of Text Images and Multimodal Interaction},
    url={http://dx.doi.org/10.1007/978-3-540-85853-9_27},
    publisher={Springer Berlin Heidelberg},
    author={Toselli, AlejandroH. and Romero, Ver\'{o}nica and Vidal, Enrique},
    pages={296-308},
}

@inproceedings{ Toselli2009,
    title="Using Mouse Feedback in Computer Assisted Transcription of Handwritten Text Images",
    author="Romero, V. and Toselli, A.H. and Rodriguez, L. and Vidal, E.",
    booktitle="Proceedings of ICDAR",
    publisher={IEEE},
    year="2009",
    pages={96-100},
}

@article{Toselli2010,
  author  = "Alejandro Toselli and Ver\'{o}nica Romero and Mois\'{e}s Pastor and and Enrique Vidal", 
  title   = "Multimodal interactive transcription of text images",
  journal = "Pattern Recognition",
  year    = 2010,
  number  = 5,
  pages   = {1814-1825},
  volume  = 43
}

@article{ Serrano2014,
    year={2014},
    issn={1433-2833},
    journal={International Journal on Document Analysis and Recognition (IJDAR)},
    volume={17},
    number={1},
    doi={10.1007/s10032-013-0204-5},
    title={Interactive handwriting recognition with limited user effort},
    url={http://dx.doi.org/10.1007/s10032-013-0204-5},
    publisher={Springer Berlin Heidelberg},
    keywords={Handwriting recognition; Computer-assisted text transcription; Active learning; Semi-supervised learning; Confidence measures; Constrained Viterbi search},
    author={Serrano, Nicol\'{a}s and Gim\'{e}nez, Adri\`{a} and Civera, Jorge and Sanchis, Alberto and Juan, Alfons},
    pages={47-59},
    language={English}
}

@mastersthesis{ Clawson2014,
	title="Intelligent Indexing: A Semi-Automated, Trainable System for Field Labeling",
	author="Robert Clawson",
	url="scholarsarchive.byu.edu/etd/5307/",
	school="Brigham Young University",
	year= "2014",
	series = {All Theses and Dissertations}
}

@inproceedings{ Rodrıguez2008,
    title="Local gradient histogram features for word spotting in unconstrained handwritten documents",
    author="Jos\'{e} A. Rodr{\i}guez. and Florent Perronnin",
    booktitle="Int. Conf. on Frontiers in Handwriting Recognition",
    year="2008",
}

@article{ Bunke2004,
    year={2004},
    journal={Pattern Analysis and Machine Intelligence, IEEE Transactions on},
    volume={26},
    number={6},
    title={Offline recognition of unconstrained handwritten texts using HMMs and statistical language models},
    author={Horst Bunke and Samy Bengio and Alessandro Vinciarelli},
    pages={709-720},
}

@inproceedings{ Rath2003,
    title="Features for word spotting in historical manuscripts",
    author="Toni M. Rath and Raghavan Manmatha",
    booktitle="Proceedings Document Analysis and Recognition",
    year="2003",
}

@article{ Aldavert2015,
    year={2015},
    issn={1433-2833},
    journal={International Journal on Document Analysis and Recognition (IJDAR)},
    volume={18},
    number={3},
    doi={10.1007/s10032-015-0245-z},
    title={A study of Bag-of-Visual-Words representations for handwritten keyword spotting},
    url={http://dx.doi.org/10.1007/s10032-015-0245-z},
    publisher={Springer Berlin Heidelberg},
    keywords={Bag-of-Visual-Words; Keyword spotting; Handwritten documents; Performance evaluation},
    author={Aldavert, David and Rusi\={n}ol, Mar\c{c}al and Toledo, Ricardo and Llad\'{o}s, Josep},
    pages={223-234},
    language={English}
}

@inproceedings{Rothacker2013, 
        author = "Leonard Rothacker and Mar\c{c}al Rusi{\~{n}ol} and Gernot A. Fink", 
        title  = "Bag-of-Features HMMs for Segmentation-Free Word Spotting in Handwritten Documents", 
        booktitle= "Proc. ICDAR 2013",
        publisher= "IEEE",
        pages  = "1305-1309", 
        year   = "2013"
}

@article{Fischer2012,
        author = "Andreas Fischer and Andreas Keller and Volkmar Frinken and Horst Bunke",
        title = "Lexicon-Free Handwritten Word Spotting Using Character {HMMs}",
        journal = "Pattern Recognition Letters",
        volume = "33",
        number = "7",
        year = "2012",
        pages = "934-942"
}

@inproceedings{Serrano2010,
 author = {Serrano, Nicol\'{a}s and Gim{\'e}nez, Adri\`{a} and Sanchis, Albert and Juan, Alfons},
 title = {Active Learning Strategies for Handwritten Text Transcription},
 booktitle = {International Conference on Multimodal Interfaces and the Workshop on Machine Learning for Multimodal Interaction},
 series = {ICMI-MLMI '10},
 year = {2010},
 isbn = {978-1-4503-0414-6},
 location = {Beijing, China},
 pages = {48:1--48:4},
 articleno = {48},
 numpages = {4},
 url = {http://doi.acm.org/10.1145/1891903.1891962},
 doi = {10.1145/1891903.1891962},
 acmid = {1891962},
 publisher = {ACM},
 address = {New York, NY, USA},
 keywords = {computer-assisted text transcription, confidence measures, document analysis, handwriting recognition},
}

@article{IAM, 
    author = "U. Marti and H. Bunke", 
    title  = "The {IAM}-database: An English Sentence Database for Off-line Handwriting Recognition", 
    journal= "Int. Journal on Document Analysis and Recognition",
    volume = "5",
        pages  = "39-46", 
        year   = "2002"
} 
        
@inproceedings{GW, 
    author = "V. Lavrenko and T. M. Rath and R. Manmatha", 
    title  = "Holistic Word Recognition for Handwritten Historical Documents", 
        booktitle= "Proc. DIAL 2004",
        publisher= "IEEE",
        pages  = "278-287", 
        year   = "2004"
}

@article{Almazan2014,
  author  = "Almaz\'{a}n, Jon and Albert Gordo and Alicia Forn\'{e}s and Ernest Valveny", 
  title   = "Word spotting and recognition with embedded attributes",
  journal = "IEEE Transactions on Pattern Analysis and Machine Intelligence",
  year    = 2014,
  number  = 12,
  pages   = {2552-2566},
  volume  = 36
}

@inproceedings{Almazan2012, 
    author = "Almaz\'{a}n, Jon and Diego Fern\'{a}ndez and Alicia Forn\'{e}s and Josep Llados and Ernest Valveny", 
    title  = "A coarse-to-fine approach for handwritten word spotting in large scale historical documents collection", 
    booktitle= "Frontiers in Handwriting Recognition (ICFHR), 2012 International Conference on",
    publisher= "IEEE",
    year   = "2012"
}


@inproceedings{ Smith,
    title="Word Warping for Offline Handwriting Recognition",
    author="Douglas J. Kennard and William A. Barrett and Thomas W. Sederberg",
    booktitle="Proceedings of ICDAR",
    publisher={IEEE},
    year="2011",
    pages={1349-1353},
}

@inproceedings{icdar_segmentation2013, 
        author = "Nikolaos Stamatopoulos and Basilis Gatos and Georgios Louloudis and Umapada Pal and Alireza Alaei", 
        title  = "{ICDAR} 2013 Handwriting Segmentation Contest", 
        booktitle= "Proc. ICDAR 2013",
        publisher= "IEEE",
        pages  = "1402-1406", 
        year   = "2013"
}

@article{Neudecker2010,
    author = "C. Neudecker and A.   Tzadok",
    year = "2010",
    title = "User Collaboration for Improving Access to Historical Texts",
    journal = "Liber Quarterly",
    volume = "20",
    number = "1",
    pages = "119–128"
}

@inproceedings{Retsinas2015,
  title={Historical Typewritten Document Recognition Using Minimal User Interaction},
  author={Retsinas, George and Gatos, Basilis and Antonacopoulos, Apostolos and Louloudis, Georgios and Stamatopoulos, Nikolaos},
  booktitle= "Proc. HIP",
  publisher= "ACM",
  year = "2015"
}
